<record><leader>00000cas a22000007a 4500</leader><controlfield tag="001">19248012</controlfield><controlfield tag="008">890222d19201920paucr ne      0    0eng d</controlfield><datafield ind1=" " ind2=" " tag="010"><subfield code="a">sn 89077181 </subfield></datafield><datafield ind1=" " ind2=" " tag="040"><subfield code="a">NPH</subfield><subfield code="b">eng</subfield><subfield code="c">NPH</subfield><subfield code="d">OCLCQ</subfield></datafield><datafield ind1=" " ind2=" " tag="042"><subfield code="a">msc</subfield></datafield><datafield ind1="0" ind2=" " tag="130"><subfield code="a">Lancaster examiner and the daily new era (Lancaster, Pa. : Semiweekly)</subfield></datafield><datafield ind1="1" ind2="0" tag="245"><subfield code="a">Lancaster examiner and the daily new era.</subfield></datafield><datafield ind1="1" ind2="3" tag="246"><subfield code="a">Lancaster examiner</subfield></datafield><datafield ind1=" " ind2=" " tag="260"><subfield code="a">Lancaster, Pa. :</subfield><subfield code="b">New Era Print. Co.,</subfield><subfield code="c">1920.</subfield></datafield><datafield ind1=" " ind2=" " tag="300"><subfield code="a">v. :</subfield><subfield code="b">ill.</subfield></datafield><datafield ind1=" " ind2=" " tag="310"><subfield code="a">Semiweekly</subfield></datafield><datafield ind1="0" ind2=" " tag="362"><subfield code="a">Vol. 1, no. 1 (Apr. 14, 1920)-v. 1, no. 3 (Apr. 20, 1920).</subfield></datafield><datafield ind1=" " ind2=" " tag="752"><subfield code="a">United States</subfield><subfield code="b">Pennsylvania</subfield><subfield code="c">Lancaster</subfield><subfield code="d">Lancaster.</subfield></datafield><datafield ind1="0" ind2=" " tag="775"><subfield code="t">Lancaster examiner and the daily new era (Lancaster, Pa. : Daily)</subfield><subfield code="w">(DLC)sn 87078079</subfield></datafield><datafield ind1="0" ind2="4" tag="780"><subfield code="t">Lancaster examiner (Lancaster, Pa. : Semiweekly)</subfield><subfield code="w">(DLC)sn 87080013</subfield></datafield><datafield ind1="0" ind2="4" tag="780"><subfield code="t">Semi-weekly new era (Lancaster, Pa.)</subfield><subfield code="w">(DLC)sn 89077180</subfield></datafield><datafield ind1="0" ind2="0" tag="785"><subfield code="t">Lancaster examiner and the semi-weekly new era</subfield><subfield code="w">(DLC)sn 89077182</subfield></datafield></record>